@article{chipyard,
  author={Amid, Alon and Biancolin, David and Gonzalez, Abraham and Grubb, Daniel and Karandikar, Sagar and Liew, Harrison and Magyar,   Albert and Mao, Howard and Ou, Albert and Pemberton, Nathan and Rigge, Paul and Schmidt, Colin and Wright, John and Zhao, Jerry and Shao, Yakun Sophia and Asanovi\'{c}, Krste and Nikoli\'{c}, Borivoje},
  journal={IEEE Micro},
  title={Chipyard: Integrated Design, Simulation, and Implementation Framework for Custom SoCs},
  year={2020},
  volume={40},
  number={4},
  pages={10-21},
  doi={10.1109/MM.2020.2996616},
  ISSN={1937-4143},
}

@Online{firesimChipyardOverview,
  author = 	 {Abraham {Gonzalez}},
  title = 		 {Building Custom RISC-V SoCs in Chipyard},
  year = 	 2019,
  url = 		 {https://fires.im/micro19-slides-pdf/03_building_custom_socs.pdf}}

@Online{freedomESDK,
  author = 	 {SiFive},
  title = 	 {Freedom E SDK},
  year = 	 2021,
  url = 	 {https://github.com/sifive/freedom-e-sdk}}

@Online{freedomTools,
  author = 	 {SiFive},
  title = 	 {Freedom Tools},
  year = 	 2021,
  url = 	 {https://github.com/sifive/freedom-tools}}

@Online{FireSimTalk1,
author = {UC-Berkeley},
title = {RISC-V State of the Union},
year = 2016,
url = {https://riscv.org/wp-content/uploads/2017/12/Tue0900-StateOfUnion-krste.pdf}}

@Online{SpikeSimulator,
author = {Regents of the University of California},
title = {Spike RISC-V ISA Simulator},
year = 2021,
url = {https://github.com/riscv/riscv-isa-sim}}